<?xml version="1.0" encoding="UTF-8"?><collection xmlns="http://www.loc.gov/MARC21/slim"><record><leader>00751nam--2200193-i-4500</leader><controlfield tag="001">000019887</controlfield><controlfield tag="002">20161230</controlfield><controlfield tag="005">20161230201033</controlfield><controlfield tag="008">060222s1000------------r-----000-0-eng-d</controlfield><datafield ind1=" " ind2=" " tag="020"><subfield code="a">0854981330</subfield></datafield><datafield ind1=" " ind2=" " tag="040"><subfield code="a">IFIN-HH</subfield></datafield><datafield ind1=" " ind2=" " tag="080"><subfield code="a">539.125.5:539.123(061.3)</subfield></datafield><datafield ind1="1" ind2=" " tag="100"><subfield code="a">Egidy, Till Von</subfield></datafield><datafield ind1="1" ind2="0" tag="245"><subfield code="a">Fundamental physics with reactor neutrons and neutrinos</subfield><subfield code="b">Twenty six papers from a workshop on fundamental physic experiments with reactor neutrons and neutrinos held at the institut laue-langevin, grenoble, 10-11 october, 1977</subfield><subfield code="c">Till von egidy (ed.)</subfield></datafield><datafield ind1=" " ind2=" " tag="260"><subfield code="a">Bristol</subfield><subfield code="b">The Institute Of Physics</subfield><subfield code="c">1978</subfield></datafield><datafield ind1=" " ind2=" " tag="300"><subfield code="a">VI + 183 P</subfield></datafield><datafield ind1=" " ind2=" " tag="490"><subfield code="a">Institute Of Physics Conference Series</subfield><subfield code="v">No 42</subfield></datafield><datafield ind1=" " ind2=" " tag="852"><subfield code="a">47988</subfield><subfield code="c">539.12</subfield></datafield><datafield ind1=" " ind2=" " tag="CAT"><subfield code="a">Sys</subfield><subfield code="c">20111207</subfield><subfield code="h">092350</subfield></datafield></record></collection>